
@article{cunha2010,
  title={Estimating the technology of cognitive and noncognitive skill formation},
  author={Cunha, Flavio and Heckman, James J and Schennach, Susanne M},
  journal={Econometrica},
  volume={78},
  number={3},
  pages={883--931},
  year={2010},
  publisher={Wiley Online Library}
}

@book{sarkka2013,
  title={Bayesian filtering and smoothing},
  author={S{\"a}rkk{\"a}, Simo},
  volume={3},
  year={2013},
  publisher={Cambridge University Press}
}

@unpublished{GaudeckerEconProjectTemplates,
	Author = {Hans-Martin von Gaudecker},
	Note = {\url{https://doi.org/10.5281/zenodo.2533241}},
	Title = {Templates for Reproducible Research Projects in Economics},
	Year = {2019}}
}